%%% Acknowledgement abbreviations:

@String{ack-nhfb = "Nelson H. F. Beebe,
                    University of Utah,
                    Department of Mathematics, 110 LCB,
                    155 S 1400 E RM 233,
                    Salt Lake City, UT 84112-0090, USA,
                    Tel: +1 801 581 5254,
                    FAX: +1 801 581 4148,
                    e-mail: \path|beebe@math.utah.edu|,
                            \path|beebe@acm.org|,
                            \path|beebe@computer.org| (Internet),
                    URL: \path|http://www.math.utah.edu/~beebe/|"}

%%% Journal abbreviations:

@String{j-LECT-NOTES-COMP-SCI   = "Lecture Notes in Computer Science"}

%%% Publishers and their addresses:

@String{pub-Manning                  = "Manning Publications Co."}
@String{pub-Manning:adr              = "20 Baldwin Road, PO Box 261, Shelter Island, NY 11964, USA"}

@String{pub-EPFL                  = "École polytechnique fédérale de Lausanne"}
@String{pub-EPFL:adr              = "Programming Methods Laboratory EPFL, Route Cantonale, 1015 Lausanne, Switzerland"}

@String{pub-Artima                  = "Artima, Inc."}
@String{pub-Artima:adr              = "P.O. Box 305, Walnut Creek, CA 94597, USA"}

@String{pub-Oreilly                  = "O'Reilly Media, Inc."}
@String{pub-Oreilly:adr              = "1005 Gravenstein Highway North, Sebastopol, CA 95472, USA"}


%%% Bibliography entries

@Article{Eisenberg:2002:SXM,
  author =       "Andrew Eisenberg and Jim Melton",
  title =        "{SQL\slash XML} is making good progress",
  journal =      "SIGMOD",
  volume =       "31",
  number =       "2",
  pages =        "101--108",
  month =        jun,
  year =         "2002",
  bibdate =      "Mon Jan 12 07:43:34 MST 2004",
  bibsource =    "http://portal.acm.org/",
  acknowledgement = ack-nhfb,
}

@Article{Elmasri:2002:CMC,
  author =       "Ramez Elmasri and Yu-Chi Wu and Babak Hojabri and
                 Charley Li and Jack Fu",
  title =        "Conceptual Modeling for Customized {XML} Schemas",
  journal =      j-LECT-NOTES-COMP-SCI,
  volume =       "2503",
  pages =        "429--??",
  year =         "2002",
  CODEN =        "LNCSD9",
  ISSN =         "0302-9743",
  bibdate =      "Sat Nov 30 20:57:43 MST 2002",
  bibsource =    "http://link.springer-ny.com/link/service/series/0558/tocs/t2503.htm",
  URL =          "http://link.springer.de/link/service/series/0558/bibs/2503/25030429.htm;
                 http://link.springer.de/link/service/series/0558/papers/2503/25030429.pdf",
  acknowledgement = ack-nhfb,
}

@Book{Odersky:2014:SBE,
  author =       "Martin Odersky",
  title =        "Scala by Example",
  publisher =    pub-EPFL,
  address =      pub-EPFL:adr,
  edition =      "",
  pages =        "lvii + 145",
  year =         "2014",
  ISBN =         "",
  ISBN-13 =      "",
  bibdate =      "",
  series =       "",
  keywords =     "Scala",
}

@Book{Odersky:2010:PIS,
  author =       "Martin Odersky with Lex Spoon and Bill Venners",
  title =        "Programming in Scala",
  publisher =    pub-Artima,
  address =      pub-Artima:adr,
  edition =      "Second",
  pages =        "lvii + 883",
  year =         "2010",
  ISBN =         "0981531644",
  ISBN-13 =      "978-0981531649",
  bibdate =      "",
  series =       "",
  keywords =     "Scala",
}

@Book{Suereth:2014:SIA,
  author =       "Joshua Suereth and Matthew Farwell",
  title =        "SBT in Action",
  publisher =    pub-Manning,
  address =      pub-Manning:adr,
  edition =      "MEAP",
  pages =        "lvii + 325",
  year =         "2014",
  ISBN =         "9781617291272",
  ISBN-13 =      "",
  bibdate =      "",
  series =       "Manning in Action",
  keywords =     "SBT (simple build tool)",
}

@Book{Hinojosa:2013:TIA,
  author =       "Daniel Hinojosa",
  title =        "Testing in Scala",
  publisher =    pub-Oreilly,
  address =      pub-Oreilly:adr,
  edition =      "First",
  pages =        "lvii + 165",
  year =         "2013",
  ISBN =         "1-4493-1510-0",
  ISBN-13 =      "978-1-4493-1510-8",
  bibdate =      "",
  series =       "",
  keywords =     "Scala testing scalatest specs2 sbt test",
}
